@online{skript,
 author = {TU Dortmund},
 title = {Versuch V16: Rutherford Streuexperiment},
 url = {http://129.217.224.2/HOMEPAGE/PHYSIKER/BACHELOR/FP/SKRIPT/Rutherford.pdf},
 urldate = {2017-12-29}
}
