@online{skript,
 author = {TU Dortmund},
 title = {Versuch V16: Rutherford Streuexperiment},
 url = {http://129.217.224.2/HOMEPAGE/PHYSIKER/BACHELOR/FP/SKRIPT/Rutherford.pdf},
 urldate = {2017-12-29}
}
@online{potsdam,
 author = {Burchard, Katharina and  GÃ¶tzke, Tino and Nagel, Oliver and
 Papke,Thomas and Petereid, Johannes and Quade, Markus},
 title = {Kernpraktikum 2010, Energie und Reichweite von Stahlung},
 url = {http://www.uni-potsdam.de/u/phys_gprakt/html/projekte/kernstrahlung/kernstrahlung_20.pdf},
 urldate = {2018-01-10}
}
@online{mainz,
 author = {Thiel,Christopher},
 title = {Wechselwirkung von Strahlung mit Materie},
 url = {http://wswww.physik.uni-mainz.de/F-Praktikum/SS2010/ChristopherThiel.pdf},
 urldate = {2018-01-10}
}
@online{PSE,
author = {Andy Hoppe},
title = {Das interaktive Periodensystem der Elemente},
url = {http://www.periodensystem.info/elemente/gold/?cc_yes=1&cc_time=1516306769},
urldate = {2018-01-18}
}
@online{chem,
author = {},
title = {},
url = {http://www.chemie.de/lexikon/Alphastrahlung.html},
urldate = {2018-01-18}
}
@online{chem2,
author = {},
title = {},
url = {http://www.chemie.de/lexikon/Luftdichte.html},
urldate = {2018-01-28}
}
