@online{skript,
 author = {TU Dortmund},
 title = {Versuch Nr.28: Elektronenspin-Resonanz},
 url = {http://129.217.224.2/HOMEPAGE/PHYSIKER/BACHELOR/FP/SKRIPT/ESR.pdf},
 urldate = {2017-12-12}
}
@online{indu,
 author = {Universal-Lexikon},
 year = {2012},
 title = {magnetische Feldkonstante},
 url = {http://universal_lexikon.deacademic.com/269136/magnetische_Feldkonstante},
 urldate = {2017-12-14}
}
