@online{skript,
 author = {TU Dortmund},
 title = {Versuch Nr.64: Moderne Interferometrie},
 url = {http://129.217.224.2/HOMEPAGE/PHYSIKER/BACHELOR/FP/SKRIPT/Interferometrie.pdf},
 urldate = {2017-11-14}
}
@online{druck,
 author = {Spektrum Akademischer Verlag},
 title = {Normaldruck},
 url = {http://www.spektrum.de/lexikon/physik/normaldruck/10415},
 urldate = {2017-11-17}
}
@online{brech,
 author = {Spektrum Akademischer Verlag},
 title = {Brechzahl},
 url = {http://www.spektrum.de/lexikon/physik/brechzahl/1958},
 urldate = {2017-11-17}
}
