@online{skript,
 author = {TU Dortmund},
 title = {Versuch Nr.47: Temperaturabhängigkeit der Molwärme von Festkörpern},
 url = {http://129.217.224.2/HOMEPAGE/PHYSIKER/BACHELOR/FP/SKRIPT/V47.pdf},
 urldate = {2017-11-28}
}
@online{skript2,
 author = {TU Dortmund},
 title = {Versuch Nr.201 : Das Dulong-Petitsche Gesetz},
 url = {http://129.217.224.2/HOMEPAGE/MEDPHYS/BACHELOR/AP/SKRIPT/V201.pdf},
 urldate = {2017-11-28}
}
@online{cu,
  author = {Andy Hoppe},
  title = {Das interaktive Periodensystem der Elemente},
  url = {http://www.periodensystem.info/elemente/kupfer/},
  urldate = {2017-12-01}}
