@online{alt,
 author = {Spektrum Akademischer Verlag},
 title = {BÃ¤ndermodell},
 url = {http://www.spektrum.de/lexikon/physik/baendermodell/1213},
 urldate = {2017-10-21}
}
@online{skript,
 author = {TU Dortmund},
 title = {Versuch Nr.46: Faraday-Effekt an Halbleitern},
 url = {http://129.217.224.2/HOMEPAGE/PHYSIKER/BACHELOR/FP/SKRIPT/V46.pdf},
 urldate = {2017-10-21}
}
@online{pdg,
  author = {Particle Data Group},
  title = {Physical Constants},
  url = {http://pdg.lbl.gov/2017/reviews/rpp2016-rev-phys-constants.pdf},
  urldate = {2017-10-25}
}
@online{cb,
  author = {Chemical Book},
  title = {Galliumarsenid},
  url = {http://www.chemicalbook.com/ChemicalProductProperty_DE_CB7249244.htm},
  urldate = {2017-10-26}
}
